<?xml version="1.0" encoding="UTF-8"?><collection xmlns="http://www.loc.gov/MARC21/slim"><record><leader>00453nam--2200181-u-4500</leader><controlfield tag="001">000052432</controlfield><controlfield tag="002">20161230</controlfield><controlfield tag="005">20161230201050</controlfield><controlfield tag="008">100708s1000------------r-----000-0-rus-d</controlfield><datafield ind1=" " ind2=" " tag="040"><subfield code="a">IFIN-HH</subfield></datafield><datafield ind1=" " ind2=" " tag="041"><subfield code="a">rus</subfield></datafield><datafield ind1=" " ind2=" " tag="080"><subfield code="a">530.319</subfield></datafield><datafield ind1="1" ind2=" " tag="100"><subfield code="a">Blohin, V.S</subfield></datafield><datafield ind1="1" ind2="0" tag="245"><subfield code="a">Dinamiceskaia napriajennosti korotkih tel slojnoi formi</subfield><subfield code="c">V.S. Blohin</subfield></datafield><datafield ind1=" " ind2=" " tag="260"><subfield code="a">Moskva</subfield><subfield code="b">Nauka</subfield><subfield code="c">1991</subfield></datafield><datafield ind1=" " ind2=" " tag="300"><subfield code="a">161 p</subfield></datafield><datafield ind1=" " ind2=" " tag="852"><subfield code="a">79596</subfield><subfield code="c">531</subfield></datafield><datafield ind1=" " ind2=" " tag="CAT"><subfield code="a">Sys</subfield><subfield code="c">20100708</subfield><subfield code="h">141536</subfield></datafield></record></collection>